<?xml version="1.0" encoding="UTF-8"?><record xmlns="http://www.loc.gov/MARC21/slim" xmlns:cinclude="http://apache.org/cocoon/include/1.0" xmlns:zs="http://www.loc.gov/zing/srw/">
  <leader>00603cz  a2200157n  4500</leader>
  <controlfield tag="001">n  85385753 </controlfield>
  <controlfield tag="003">DLC</controlfield>
  <controlfield tag="005">20060727052412.0</controlfield>
  <controlfield tag="008">860915n| acannaabn          |a aaa      </controlfield>
  <datafield tag="010" ind1=" " ind2=" ">
    <subfield code="a">n  85385753 </subfield>
  </datafield>
  <datafield tag="035" ind1=" " ind2=" ">
    <subfield code="a">(OCoLC)oca01736999</subfield>
  </datafield>
  <datafield tag="040" ind1=" " ind2=" ">
    <subfield code="a">DLC</subfield>
    <subfield code="b">eng</subfield>
    <subfield code="c">DLC</subfield>
    <subfield code="d">DLC</subfield>
    <subfield code="d">OCoLC</subfield>
    <subfield code="d">DLC</subfield>
  </datafield>
  <datafield tag="100" ind1="1" ind2=" ">
    <subfield code="a">Śēṇāi, Basti Puṇḍalīka Veṅkaṭēśa</subfield>
  </datafield>
  <datafield tag="400" ind1="0" ind2=" ">
    <subfield code="a">Basti Puṇḍalīka Veṅkaṭēśa Śēṇāi</subfield>
  </datafield>
  <datafield tag="400" ind1="1" ind2=" ">
    <subfield code="a">Veṅkaṭēśa Śēṇāi, Basti Puṇḍalīka</subfield>
  </datafield>
  <datafield tag="670" ind1=" " ind2=" ">
    <subfield code="a">His Brāhmīlipi mattu Sindū saṃskr̥ti, 1977:</subfield>
    <subfield code="b">t.p. (Basti Puṇḍalīka Veṅkaṭēśa Śēṇāi)</subfield>
  </datafield>
</record>